<record><leader>00000cas a2200000 a 4500</leader><controlfield tag="001">11144975</controlfield><controlfield tag="008">840912d18821887ksuwr ne      0   a0eng d</controlfield><controlfield tag="009">3789</controlfield><datafield ind1=" " ind2=" " tag="010"><subfield code="a">sn 84029685 </subfield></datafield><datafield ind1=" " ind2=" " tag="040"><subfield code="a">KSH</subfield><subfield code="b">eng</subfield><subfield code="c">KSH</subfield><subfield code="d">NPT</subfield><subfield code="d">OCL</subfield><subfield code="d">OCLCQ</subfield></datafield><datafield ind1="1" ind2=" " tag="029"><subfield code="a">AU@</subfield><subfield code="b">000040600681</subfield></datafield><datafield ind1=" " ind2=" " tag="042"><subfield code="a">msc</subfield></datafield><datafield ind1="0" ind2="4" tag="245"><subfield code="a">The Star-sentinel.</subfield></datafield><datafield ind1=" " ind2=" " tag="260"><subfield code="a">Hays City, Kan. :</subfield><subfield code="b">J.F. Downing,</subfield><subfield code="c">1882-</subfield></datafield><datafield ind1=" " ind2=" " tag="300"><subfield code="a">v. :</subfield><subfield code="b">ill. (chiefly advertisements) ;</subfield><subfield code="c">65 cm.</subfield></datafield><datafield ind1=" " ind2=" " tag="310"><subfield code="a">Weekly</subfield></datafield><datafield ind1="0" ind2=" " tag="362"><subfield code="a">Vol. 6, no. 37 (Jan. 26, 1882)-</subfield></datafield><datafield ind1="1" ind2=" " tag="362"><subfield code="a">Ceased in 1887?</subfield></datafield><datafield ind1=" " ind2=" " tag="500"><subfield code="a">"Republican."</subfield></datafield><datafield ind1=" " ind2=" " tag="515"><subfield code="a">Numbering is irregular.</subfield></datafield><datafield ind1=" " ind2=" " tag="752"><subfield code="a">United States</subfield><subfield code="b">Kansas</subfield><subfield code="c">Ellis</subfield><subfield code="d">Hays.</subfield></datafield><datafield ind1="0" ind2="4" tag="780"><subfield code="t">Ellis County star (Hays City, Kan. : 1876)</subfield><subfield code="w">(DLC)sn 84029688</subfield></datafield><datafield ind1="0" ind2="4" tag="780"><subfield code="t">Hays City sentinel</subfield><subfield code="w">(DLC)sn 84029686</subfield></datafield><datafield ind1="0" ind2="7" tag="785"><subfield code="t">Hays City times</subfield><subfield code="w">(DLC)sn 84029702</subfield></datafield><datafield ind1="0" ind2="7" tag="785"><subfield code="t">Hays City sentinel (Hays, Kan. : 1887)</subfield><subfield code="w">(DLC)sn 84029703</subfield><subfield code="w">(OCoLC)11149408</subfield></datafield></record>